<record><leader>00000cas a22000007a 4500</leader><controlfield tag="001">13115147</controlfield><controlfield tag="008">860206d19231966iaudn ne      0    0eng d</controlfield><datafield ind1=" " ind2=" " tag="010"><subfield code="a">sn 86063090 </subfield></datafield><datafield ind1=" " ind2=" " tag="040"><subfield code="a">KSH</subfield><subfield code="b">eng</subfield><subfield code="c">KSH</subfield><subfield code="d">NPT</subfield><subfield code="d">INP</subfield><subfield code="d">NSD</subfield><subfield code="d">OCLCQ</subfield></datafield><datafield ind1=" " ind2=" " tag="042"><subfield code="a">msc</subfield></datafield><datafield ind1="0" ind2=" " tag="130"><subfield code="a">Fairfield daily ledger (Fairfield, Iowa : 1923)</subfield></datafield><datafield ind1="1" ind2="0" tag="245"><subfield code="a">Fairfield daily ledger.</subfield></datafield><datafield ind1=" " ind2=" " tag="260"><subfield code="a">Fairfield, Iowa :</subfield><subfield code="b">[s.n.],</subfield><subfield code="c">1923-1966.</subfield></datafield><datafield ind1=" " ind2=" " tag="300"><subfield code="a">44 v. :</subfield><subfield code="b">ill. ;</subfield><subfield code="c">59 cm.</subfield></datafield><datafield ind1=" " ind2=" " tag="310"><subfield code="a">Daily (except Sunday and certain major holidays)</subfield></datafield><datafield ind1="0" ind2=" " tag="362"><subfield code="a">74th year, no. 87 (Apr. 12, 1923)-v. 117, no. 192 (Aug. 16, 1966).</subfield></datafield><datafield ind1=" " ind2=" " tag="500"><subfield code="a">Publisher varies.</subfield></datafield><datafield ind1=" " ind2=" " tag="500"><subfield code="a">Official paper of Jefferson County.</subfield></datafield><datafield ind1=" " ind2=" " tag="515"><subfield code="a">Numbering irregular.</subfield></datafield><datafield ind1=" " ind2=" " tag="752"><subfield code="a">United States</subfield><subfield code="b">Iowa</subfield><subfield code="c">Jefferson</subfield><subfield code="d">Fairfield.</subfield></datafield><datafield ind1="0" ind2=" " tag="775"><subfield code="t">Weekly ledger-journal</subfield><subfield code="w">(DLC)sn 86060178</subfield></datafield><datafield ind1="0" ind2="0" tag="780"><subfield code="t">Fairfield daily ledger and journal and tribune</subfield><subfield code="w">(DLC)sn 86061024</subfield></datafield><datafield ind1="0" ind2="0" tag="785"><subfield code="t">Fairfield ledger (Fairfield, Iowa : 1966)</subfield><subfield code="x">1061-4508</subfield><subfield code="w">(DLC)sn 86060194</subfield><subfield code="w">(OCoLC)14218387</subfield></datafield></record>